<?xml version="1.0" encoding="UTF-8"?><collection xmlns="http://www.loc.gov/MARC21/slim"><record><leader>00469nam--2200181-u-4500</leader><controlfield tag="001">000052770</controlfield><controlfield tag="002">20161230</controlfield><controlfield tag="005">20161230201050</controlfield><controlfield tag="008">101013s1000------------r-----000-0-rus-d</controlfield><datafield ind1=" " ind2=" " tag="040"><subfield code="a">IFIFN-HH</subfield></datafield><datafield ind1=" " ind2=" " tag="041"><subfield code="a">rus</subfield></datafield><datafield ind1=" " ind2=" " tag="080"><subfield code="a">534.26(083)</subfield></datafield><datafield ind1="1" ind2=" " tag="100"><subfield code="a">Nefedov, E.I</subfield></datafield><datafield ind1="1" ind2="0" tag="245"><subfield code="a">Piatiznacinie tabliti difraktionnoi U(s, p) - funktii vainsteina</subfield><subfield code="c">E.I. Nefedov</subfield></datafield><datafield ind1=" " ind2=" " tag="260"><subfield code="a">Moskva</subfield><subfield code="b">Nauka</subfield><subfield code="c">1969</subfield></datafield><datafield ind1=" " ind2=" " tag="300"><subfield code="a">160 p</subfield></datafield><datafield ind1=" " ind2=" " tag="852"><subfield code="a">76781</subfield><subfield code="c">534</subfield></datafield><datafield ind1=" " ind2=" " tag="CAT"><subfield code="a">Sys</subfield><subfield code="c">20101013</subfield><subfield code="h">130245</subfield></datafield></record></collection>